@Book{furtado,
  author = 	 {Olinto José Varela Furtado},
  title = 	 {Linguagens formais e compiladores},
  publisher = 	 {Universidade Federal de Santa Catarina, Centro Tecnológico, Departamento de Informática e de Estatística}
}