@Book{tanembaum:09,
  author = 	 {Andrew S. Tanenbaum},
  title = 	 {Modern Operating Systems},
  publisher = 	 {Pearson Prentice Hall},
  year = 	 {2009},
  edition = 	 {3rd}
}

@phdthesis{Waldspurger:95,
  author = {Carl A. Waldspurger},
  title = {Lottery and Stride Scheduling:Flexible Proportional-Share Resource Management},
  school = {Massachusetts Institute of Technology},
  year = {1995}
}